<record><leader>00000cas a2200000 a 4500</leader><controlfield tag="001">10929136</controlfield><controlfield tag="008">840709d18711878iauwr ne      0    0eng c</controlfield><datafield ind1=" " ind2=" " tag="010"><subfield code="a">sn 84027129 </subfield></datafield><datafield ind1=" " ind2=" " tag="040"><subfield code="a">NPU</subfield><subfield code="b">eng</subfield><subfield code="c">NPU</subfield><subfield code="d">NPX</subfield><subfield code="d">NPA</subfield><subfield code="d">INP</subfield><subfield code="d">OCL</subfield><subfield code="d">MGN</subfield><subfield code="d">CRL</subfield><subfield code="d">OCLCQ</subfield><subfield code="d">OCLCF</subfield></datafield><datafield ind1=" " ind2=" " tag="042"><subfield code="a">pcc</subfield></datafield><datafield ind1=" " ind2=" " tag="043"><subfield code="a">n-us-ia</subfield></datafield><datafield ind1="0" ind2=" " tag="130"><subfield code="a">Grinnell herald (Grinnell, Iowa : 1871)</subfield></datafield><datafield ind1="1" ind2="4" tag="245"><subfield code="a">The Grinnell herald.</subfield></datafield><datafield ind1=" " ind2=" " tag="260"><subfield code="a">Grinnell, Iowa :</subfield><subfield code="b">Cravath &amp; Chamberlain,</subfield><subfield code="c">1871-1878.</subfield></datafield><datafield ind1=" " ind2=" " tag="300"><subfield code="a">7 v. ;</subfield><subfield code="c">66 cm.</subfield></datafield><datafield ind1=" " ind2=" " tag="310"><subfield code="a">Weekly</subfield></datafield><datafield ind1="0" ind2=" " tag="362"><subfield code="a">Vol. 4, no. 20 (Aug. 16, 1871)-v. 10, no. 48 (Feb. 28, 1878).</subfield></datafield><datafield ind1=" " ind2=" " tag="500"><subfield code="a">Publisher varies.</subfield></datafield><datafield ind1=" " ind2=" " tag="500"><subfield code="a">Republican, &lt;1876&gt;.</subfield></datafield><datafield ind1=" " ind2=" " tag="500"><subfield code="a">Editor: S.A. Cravath, &lt;1876&gt;.</subfield></datafield><datafield ind1=" " ind2="0" tag="651"><subfield code="a">Grinnell (Iowa)</subfield><subfield code="v">Newspapers.</subfield></datafield><datafield ind1=" " ind2="0" tag="651"><subfield code="a">Poweshiek County (Iowa)</subfield><subfield code="v">Newspapers.</subfield></datafield><datafield ind1=" " ind2="7" tag="655"><subfield code="a">Newspapers.</subfield><subfield code="2">fast</subfield><subfield code="0">(OCoLC)fst01423814</subfield></datafield><datafield ind1=" " ind2="7" tag="651"><subfield code="a">Iowa</subfield><subfield code="z">Grinnell.</subfield><subfield code="2">fast</subfield><subfield code="0">(OCoLC)fst01208538</subfield></datafield><datafield ind1=" " ind2="7" tag="651"><subfield code="a">Iowa</subfield><subfield code="z">Poweshiek County.</subfield><subfield code="2">fast</subfield><subfield code="0">(OCoLC)fst01219850</subfield></datafield><datafield ind1=" " ind2=" " tag="752"><subfield code="a">United States</subfield><subfield code="b">Iowa</subfield><subfield code="c">Poweshiek</subfield><subfield code="d">Grinnell.</subfield></datafield><datafield ind1="0" ind2="0" tag="780"><subfield code="t">Poweshiek County herald</subfield><subfield code="w">(DLC)sn 88059740</subfield><subfield code="w">(OCoLC)17825274</subfield></datafield><datafield ind1="0" ind2="0" tag="785"><subfield code="t">Grinnell semi-weekly herald</subfield><subfield code="w">(DLC)sn 88059228</subfield><subfield code="w">(OCoLC)17825281</subfield></datafield></record>